
@article{blei:2006,
    Author = {Blei, David M. and Jordan, Michael I.},
    Date-Added = {2016-11-21 21:56:56 +0000},
    Date-Modified = {2016-11-21 21:58:09 +0000},
    Journal = {Bayesian Analysis},
    Keywords = {Dirichlet Process, Variational Inference},
    Local-Url = {/Users/timo/Documents/cites/Papers/blei.d/blei.d.2006.pdf},
    Number = {1},
    Pages = {121--143},
    Title = {Variational inference for {D}irichlet process mixtures},
    Volume = {1},
    Year = {2006},
    Bdsk-File-1 = {YnBsaXN0MDDUAQIDBAUGJCVYJHZlcnNpb25YJG9iamVjdHNZJGFyY2hpdmVyVCR0b3ASAAGGoKgHCBMUFRYaIVUkbnVsbNMJCgsMDxJXTlMua2V5c1pOUy5vYmplY3RzViRjbGFzc6INDoACgAOiEBGABIAFgAdccmVsYXRpdmVQYXRoWWFsaWFzRGF0YV8QHVBhcGVycy9ibGVpLmQvYmxlaS5kLjIwMDYucGRm0hcLGBlXTlMuZGF0YU8RAbIAAAAAAbIAAgAADE1hY2ludG9zaCBIRAAAAAAAAAAAAAAAAAAAANGQ1GZIKwAAAAhREA9ibGVpLmQuMjAwNi5wZGYAAAAAAAAAAAAAAAAAAAAAAAAAAAAAAAAAAAAAAAAAAAAAAAAAAAAAAAAAAAAAAAAPqY+i1FjB7QAAAAAAAAAAAAEABAAACSAAAAAAAAAAAAAAAAAAAAAGYmxlaS5kABAACAAA0ZEMpgAAABEACAAA1FkIPQAAAAEAGAAIURAACE9AAAhPGgAIQ7UABsV4AAKYKAACAEtNYWNpbnRvc2ggSEQ6VXNlcnM6AHRpbW86AERvY3VtZW50czoAY2l0ZXM6AFBhcGVyczoAYmxlaS5kOgBibGVpLmQuMjAwNi5wZGYAAA4AIAAPAGIAbABlAGkALgBkAC4AMgAwADAANgAuAHAAZABmAA8AGgAMAE0AYQBjAGkAbgB0AG8AcwBoACAASABEABIAOFVzZXJzL3RpbW8vRG9jdW1lbnRzL2NpdGVzL1BhcGVycy9ibGVpLmQvYmxlaS5kLjIwMDYucGRmABMAAS8AABUAAgAL//8AAIAG0hscHR5aJGNsYXNzbmFtZVgkY2xhc3Nlc11OU011dGFibGVEYXRhox0fIFZOU0RhdGFYTlNPYmplY3TSGxwiI1xOU0RpY3Rpb25hcnmiIiBfEA9OU0tleWVkQXJjaGl2ZXLRJidUcm9vdIABAAgAEQAaACMALQAyADcAQABGAE0AVQBgAGcAagBsAG4AcQBzAHUAdwCEAI4ArgCzALsCcQJzAngCgwKMApoCngKlAq4CswLAAsMC1QLYAt0AAAAAAAACAQAAAAAAAAAoAAAAAAAAAAAAAAAAAAAC3w==}}

@article{blei:2017,
  title={Variational inference: {A} review for statisticians},
  author={Blei, David M and Kucukelbir, Alp and McAuliffe, Jon D},
  journal={Journal of the American Statistical Association},
  number={just-accepted},
  year={2017},
  publisher={Taylor \& Francis}
}

@article{hoffman:2013,
  title={Stochastic variational inference},
  author={Hoffman, Matthew D and Blei, David M and Wang, Chong and Paisley, John},
  journal={The Journal of Machine Learning Research},
  volume={14},
  number={1},
  pages={1303--1347},
  year={2013},
  publisher={JMLR. org}
}

@article{blei:2017,
  title={Variational inference: {A} review for statisticians},
  author={Blei, David M and Kucukelbir, Alp and McAuliffe, Jon D},
  journal={Journal of the American Statistical Association},
  number={just-accepted},
  year={2017},
  publisher={Taylor \& Francis}
}

@article{blei:2006,
  title={Variational inference for {D}irichlet process mixtures},
  author={Blei, David M and Jordan, Michael I and others},
  journal={Bayesian analysis},
  volume={1},
  number={1},
  pages={121--143},
  year={2006},
  publisher={International Society for Bayesian Analysis}
}

@inproceedings{johnson:2007,
  title={Adaptor grammars: A framework for specifying compositional nonparametric {B}ayesian models},
  author={Johnson, Mark and Griffiths, Thomas L and Goldwater, Sharon},
  booktitle={Advances in neural information processing systems},
  pages={641--648},
  year={2007}
}

@inproceedings{johnson:2008,
  title={Using {A}daptor {G}rammars to {I}dentify {S}ynergies in the {U}nsupervised {A}cquisition of {L}inguistic {S}tructure.},
  author={Johnson, Mark},
  booktitle={ACL},
  pages={398--406},
  year={2008}
}

@article{zhai:2014,
  title={Online adaptor grammars with hybrid inference},
  author={Zhai, Ke and Boyd-Graber, Jordan and Cohen, Shay B},
  journal={Transactions of the Association for Computational Linguistics},
  volume={2},
  pages={465--476},
  year={2014}
}

@inproceedings{zhai:2012,
  title={Mr. {L}{D}{A}: {A} flexible large scale topic modeling package using variational inference in {M}ap{R}educe},
  author={Zhai, Ke and Boyd-Graber, Jordan and Asadi, Nima and Alkhouja, Mohamad L},
  booktitle={Proceedings of the 21st international conference on World Wide Web},
  pages={879--888},
  year={2012},
  organization={ACM}
}

@inproceedings{lee:2012,
  title={A nonparametric {B}ayesian approach to acoustic model discovery},
  author={Lee, Chia-Ying and Glass, James},
  booktitle={Proceedings of the 50th Annual Meeting of the Association for Computational Linguistics: Long Papers-Volume 1},
  pages={40--49},
  year={2012},
  organization={Association for Computational Linguistics}
}

@article{lee:2015,
  title={Unsupervised lexicon discovery from acoustic input},
  author={Lee, Chia-Ying and O'Donnell, Timothy J and Glass, James},
  journal={Transactions of the Association for Computational Linguistics},
  volume={3},
  pages={389--403},
  year={2015}
}


@article{dempster:1977,
  title={Maximum likelihood from incomplete data via the {E}{M} algorithm},
  author={Dempster, Arthur P and Laird, Nan M and Rubin, Donald B},
  journal={Journal of the royal statistical society. Series {B} (methodological)},
  pages={1--38},
  year={1977},
  publisher={JSTOR}
}

@incollection{neal:1998,
  title={A view of the {E}{M} algorithm that justifies incremental, sparse, and other variants},
  author={Neal, Radford M and Hinton, Geoffrey E},
  booktitle={Learning in graphical models},
  pages={355--368},
  year={1998},
  publisher={Springer}
}

@article{hill:1979,
  title={Introduction to automata theory, languages, and computation},
  author={Hill III, I},
  year={1979}
}

@article{pitman:1997,
  title={The two-parameter {P}oisson-{D}irichlet distribution derived from a stable subordinator},
  author={Pitman, Jim and Yor, Marc},
  journal={The Annals of Probability},
  pages={855--900},
  year={1997},
  publisher={JSTOR}
}